
@misc{energieflussbild,
	title = {Energieflussbilder {AG} {Energiebilanzen} e. {V}.},
	url = {https://ag-energiebilanzen.de/daten-und-fakten/energieflussbilder/},
	
	urldate = {2022-06-12},
	journal = {AG Energiebilanzen e. V.},
	file = {Snapshot:/Users/hegele/Zotero/storage/2TJ6H2I5/energieflussbilder.html:text/html},
}

@article{berger2019,
	title = {Russisches {Gas} für deutsche {Ambitionen}},
	url = {https://jungle.world/artikel/2019/05/russisches-gas-fuer-deutsche-ambitionen},
	abstract = {Axel Berger:  Deutschland profitiert vom Gasgeschäft mit Russland},
        date = {2019-01-31},
	
	urldate = {2022-06-12},
	journal = {jungle.world},
	author = {Berger, Axel},
	note = {Publisher: Axel Berger},
	file = {Snapshot:/Users/hegele/Zotero/storage/L3QSJ3JC/russisches-gas-fuer-deutsche-ambitionen.html:text/html},
}

@article{clausen2022,
	title = {Wärmewende beschleunigen, {Gasverbrauch} reduzieren. {Ein} {Kurzimpuls}.},
	url = {https://zenodo.org/record/6363715/export/hx},
	doi = {10.5281/zenodo.6363715},
	abstract = {Publiziert als Diskussionsbeiträge der Scientists for Future 10, 1–17, doi: 10.5281/zenodo.6363715. Die Erstveröffentlichung erfolgte 2022-03-17. Zitationsvorschlag / Suggested citation: Clausen, J., Brendel, H., Breyer, C., Gerhards, C., Jordan, U., Weber, U., Ehmler, H., Golla, S., Hentschel, K.-M., Hoffmann, R., Hagedorn, G., Kemfert, C., Linow, S., Oei, P.-Y., Stöhr, M., Valdivia, L. (2022). Wärmewende beschleunigen, Gasverbrauch reduzieren. Ein Kurzimpuls. Diskussionsbeiträge der Scientists for Future, 10, 17 Seiten. doi: 10.5281/zenodo.6363715 GERMAN SUMMARY (ENGLISH ABSTRACT: below): Aktuell importiert Deutschland 500 TWh/a Erdgas aus der Russischen Föderation. Der Großteil dieses Gases wird zur Erzeugung von Prozess- und Raumwärme eingesetzt. Durch eine beschleunigte Umstellung der Wärmeversorgung auf von erneuerbarem Strom angetriebene Wärmepumpen, regenerative Wärme in Wärmenetzen und die Substitution von Erdgas in der Stromerzeugung durch erneuerbare Energie sowie Energieeinsparung kann in wenigen Jahren so viel Erdgas eingespart werden, wie heute aus der Russischen Föderation importiert wird. Dazu bedarf es einer stark beschleunigten Verbreitung von Wärmenetzen und Wärmepumpen in Verbindung mit einer Ausbildungsoffensive im Handwerk. Auch Änderungen des regulativen Rahmens in Form eines Verbots von Öl- und Gasheizungen sowie finanzielle Anreize und gezielte Förderprogramme sind erforderlich. Mit solchen gezielten Anstrengungen kann Deutschland gleichzeitig einen deutlichen Beitrag im Kampf gegen die Klimakrise leisten. Schlagwörter: Klimakrise, Klimaschutz, Klimapolitik, Energiepolitik, Sicherheitspolitik, Deutschland, Energiewende, Energieautarkie, Russland, Ukraine, Erdgas, Wärmewende, Wärmepumpen ENGLISH ABSTRACT: Germany currently imports 500 TWh/a of natural gas from the Russian Federation. Most of this gas is used to generate process and space heat. By accelerating the conversion of heat supply to heat pumps powered by renewable electricity, renewable heat in district heating networks, and the substitution of natural gas in electricity generation with renewable energy, as well as energy conservation, as much natural gas can be saved in a few years as is currently imported from the Russian Federation. This requires greatly accelerating the spread of district heating networks and heat pumps in conjunction with a training offensive in the skilled trades. Changes to the regulatory framework in the form of a ban on oil and gas heating systems, as well as financial incentives and targeted subsidy programs, are also required. With such targeted efforts, Germany can at the same time make a significant contribution in the fight against the climate crisis. Key words: climate crisis, climate protection, climate policy, energy policy, security policy, Germany, energy transition, energy autarky, Russia, Ukraine, natural gas, heat transition, heat pumps},
	urldate = {2022-06-12},
	author = {Clausen, Jens and Brendel, Heiko and Breyer, Christian and Hartmut, Ehmler and Gerhards, Christoph and Golla, Stefan and Hentschel, Karl-Martin and Hoffmann, Rana and Hagedorn, Gregor and Jordan, Ulrike and Kemfert, Claudia and Linow, Sven and Oei, Pao-Yu and Stöhr, Michael and Valdivia, Lorena and Weber, Urban},
	month = mar,
	year = {2022},
	keywords = {climate crisis, climate policy, climate protection, energy autarky, energy policy, energy transition, Germany, heat pumps, heat transition, natural gas, Russia, security policy, Ukraine},
	file = {Zenodo Full Text PDF:/Users/hegele/Zotero/storage/8HR6YT4B/Clausen et al. - 2022 - Wärmewende beschleunigen, Gasverbrauch reduzieren..pdf:application/pdf},
}

@inproceedings{iea2022,
	title = {A 10-{Point} {Plan} to {Reduce} the {European} {Union}’s {Reliance} on {Russian} {Natural} {Gas}},
	publisher = {IEA Paris, France},
	author = {{IEA}},
	year = {2022},
}

@misc{iwd,
	title = {Erdgas: {Fatale} {Abhängigkeit}},
	shorttitle = {Erdgas},
	url = {https://www.iwd.de/artikel/erdgas-fatale-abhaengigkeit-538135/},
	abstract = {Wie lange kann Deutschland ohne russisches Gas auskommen? Die Antwort auf diese Frage hängt von vielen Faktoren ab, unter anderem vom Wetter und den Füllständen der heimischen Gasspeicher.},
	
	urldate = {2022-06-12},
	journal = {iwd},
	author = {{Institut der deutschen Wirtschaft}},
	month = mar,
	year = {2022},
	file = {Snapshot:/Users/hegele/Zotero/storage/UAQALDC4/erdgas-fatale-abhaengigkeit-538135.html:text/html},
}

@misc{ntv,
	title = {Eon sieht {Gas}-{Einsparpotenzial} bei {Haushalten}},
	url = {https://www.n-tv.de/wirtschaft/Eon-sieht-Gas-Einsparpotenzial-bei-Haushalten-article23315967.html},
	abstract = {Nach Russlands Angriff auf die Ukraine werden hierzulande fieberhaft neue Zulieferer von Erdgas gesucht. Die Abhängigkeit kann reduziert werden, ist aber weiter enorm. Der Energieversorger Eon rechnet nun vor, wie deutsche Haushalte ein Drittel der derzeit aus Russland bezogenen Gasmenge einsparen könnten.},
	
	urldate = {2022-06-12},
	journal = {n-tv.de},
	author = {{n-tv}},
	file = {Snapshot:/Users/hegele/Zotero/storage/Z34B9VHT/Eon-sieht-Gas-Einsparpotenzial-bei-Haushalten-article23315967.html:text/html},
}

@misc{janson2022,
	title = {Infografik: {So} viel {Erdgas} könnte {Deutschland} einsparen},
	shorttitle = {Infografik},
	url = {https://de.statista.com/infografik/27404/einsparpotential-von-erdgas-in-kurzfristigen-szenarien/},
	abstract = {Die Grafik zeigt das Einsparpotential von Erdgas in kurzfristig möglichen Szenarien im Jahr 2022.},
	
	urldate = {2022-06-12},
	journal = {Statista Infografiken},
	author = {Janson, Matthias},
	file = {Snapshot:/Users/hegele/Zotero/storage/TZ7A7Y92/einsparpotential-von-erdgas-in-kurzfristigen-szenarien.html:text/html},
}

@misc{bmwk,
	title = {Bundesministerium für {Wirtschaft} und {Klimaschutz} ruft {Frühwarnstufe} des {Notfallplans} {Gas} aus},
	url = {https://www.bmwk.de/Redaktion/DE/Pressemitteilungen/2022/03/20220330-bmwk-ruft-fruehwarnstufe-des-notfallplan-gas-versorgungssicherheit-gewaehrleistet.html},
	
	urldate = {2022-06-12},
	author = {{BMWK}}, 
}

@misc{bmwk-2,
	title = {Bundesministerium für {Wirtschaft} und {Klimaschutz} ruft {Alarmstufe} des {Notfallplans} {Gas} aus},
	url = {https://www.bmwk.de/Redaktion/DE/Pressemitteilungen/2022/06/20220623-bundesministerium-ruft-alarmstufe-des-notfallplans-gas-aus.html},
	urldate = {2022-07-02},
	author = {{BMWK}},
}

@article{leo,
	title = {Wie sich russisches {Erdgas} in der deutschen und europäischen {Energieversorgung} ersetzen lässt},
	author = {Schlögl, Robert},
	year = {2022},
	note = {Publisher: RWI Essen: Rheinisch-Westfaelisches Institut fuer Wirtschaftsforschung},
	file = {Snapshot:/Users/hegele/Zotero/storage/YIAK2KUQ/3044203.html:text/html},
}

@misc{gabler,
	type = {Text},
	title = {Definition: {Fluch} der {Rohstoffe}},
	shorttitle = {Definition},
	url = {https://wirtschaftslexikon.gabler.de/definition/fluch-der-rohstoffe-51570},
	abstract = {Was ist "Fluch der Rohstoffe"? Definition im Gabler Wirtschaftslexikon vollständig und kostenfrei online. ✓Geprüftes Wissen beim Original.},
	
	urldate = {2022-06-12},
	journal = {https://wirtschaftslexikon.gabler.de/definition/fluch-der-rohstoffe-51570},
	author = {Neumair, Dr Simon-Martin},
	note = {Publisher: Springer Fachmedien Wiesbaden GmbH
Section: economy},
	file = {Snapshot:/Users/hegele/Zotero/storage/5KNRB58K/fluch-der-rohstoffe-51570.html:text/html},
}

@article{nrgi,
	series = {{NRGI} {Reader}},
	title = {The {Resource} {Curse}},
	url = {https://resourcegovernance.org/sites/default/files/nrgi_Resource-Curse.pdf},
	author = {{Natural Resource Governance Institute}},
	month = mar,
	year = {2015},
}

@misc{kopernikus,
	title = {Durchstarten trotz {Unsicherheiten}: {So} müsste eine anpassungsfähige {Wasserstoffstrategie} aussehen},
	url = {https://www.kopernikus-projekte.de/aktuelles/news/ariadne_kurzdossier_wasserstoff_unsicherheiten_nov_2021},
	urldate = {2022-06-12},
	author = {{Bundesministerium für Bildung und Forschung}},
	month = nov,
	year = {2021},
	file = {Kopernikus-Projekte\: Ariadne\: Kurzdossier Wasserstoff & Unsicherheit:/Users/hegele/Zotero/storage/SDS39MCE/ariadne_kurzdossier_wasserstoff_unsicherheiten_nov_2021.html:text/html},
}

@article{rnd,
	title = {Ökowasserstoff für alle? {Die} {Fallstricke} des {Habeck}-{Plans} für die {Industrie}},
	shorttitle = {Ökowasserstoff für alle?},
	url = {https://www.rnd.de/politik/oeko-wasserstoff-fuer-alle-die-fallstricke-des-habeck-plans-fuer-die-industrie-ANOFNRCTTBDKNLO2ECY3QAHHWM.html},
	
	urldate = {2022-06-12},
	journal = {RedaktionsNetzwerk Deutschland},
	author = {Geyer, Steven and Wenzel, Frank-Thomas and Christ, Johannes},
	month = may,
	year = {2022},
	file = {Snapshot:/Users/hegele/Zotero/storage/SFWKI9GC/oeko-wasserstoff-fuer-alle-die-fallstricke-des-habeck-plans-fuer-die-industrie-ANOFNRCTTBDKNLO2.html:text/html},
}

@article{dnr,
	title = {Deutschland lehnt {Atomkraft} und {Gas} in der {EU}-{Taxonomie} ab},
	url = {https://www.dnr.de/aktuelles-termine/aktuelles/deutschland-lehnt-atomkraft-und-gas-der-eu-taxonomie-ab/aktuelles-termine/aktuelles/deutschland-lehnt-atomkraft-und-gas-der-eu-taxonomie-ab},
	
	urldate = {2022-06-12},
	journal = {Deutscher Naturschutzring},
	month = may,
	year = {2022},
	file = {Snapshot:/Users/hegele/Zotero/storage/QYRANL7X/deutschland-lehnt-atomkraft-und-gas-der-eu-taxonomie-ab.html:text/html},
}

@misc{eu-komm,
	type = {Text},
	title = {{EU}-{Taxonomie}: {Kommission} leitet {Expertenkonsultation} ein},
	shorttitle = {{EU}-{Taxonomie}},
	url = {https://ec.europa.eu/commission/presscorner/detail/de/IP_22_2},
	abstract = {EU-Taxonomie: Kommission leitet Expertenkonsultation zu ergänzendem delegierten Rechtsakt über bestimmte Kernenergie- und Gastätigkeiten ein},
	
	urldate = {2022-06-12},
	journal = {European Commission},
	file = {Snapshot:/Users/hegele/Zotero/storage/L72PLL4U/IP_22_2.html:text/html},
}

@misc{uba,
	type = {Text},
	title = {{EU}-{Taxonomie}: {Atomkraft} und {Erdgas} sind nicht nachhaltig},
	shorttitle = {{EU}-{Taxonomie}},
	url = {https://www.umweltbundesamt.de/themen/eu-taxonomie-atomkraft-erdgas-sind-nicht-nachhaltig},
	abstract = {Der Entwurf der Europäischen Kommission für einen delegierten Rechtsakt zur Aufnahme von fossilem Gas und Atomkraft in die EU-Taxonomie würde verhindern, dass die Taxonomie ein wirksames Transparenzinstrument für die Finanzmärkte ist, so das Umweltbundesamt.},
	
	urldate = {2022-06-12},
	journal = {Umweltbundesamt},
	author = {Stallmann, Martin},
	month = jan,
	year = {2022},
	note = {Publisher: Umweltbundesamt},
	file = {Snapshot:/Users/hegele/Zotero/storage/MBE7C6QS/eu-taxonomie-atomkraft-erdgas-sind-nicht-nachhaltig.html:text/html},
}

@misc{terranets,
	title = {terranets bw – {Süddeutsche} {Erdgasleistung}},
	url = {https://www.terranets-sel.de/},
	abstract = {Hier informieren wir Sie über den aktuellen Planungsstand der süddeutschen Erdgasleitung.},
	
	urldate = {2022-06-12},
	journal = {terranets SEL},
	file = {Snapshot:/Users/hegele/Zotero/storage/ANHRX2E7/www.terranets-sel.de.html:text/html},
}

@article{reuters,
	chapter = {Business},
	title = {Germany to reject {EU} green investment label for nuclear power},
	url = {https://www.reuters.com/business/germany-reject-eu-green-investment-label-nuclear-power-2022-05-16/},
	abstract = {Germany will oppose European Union plans to include nuclear energy as a sustainable investment in its "taxonomy" policy for labelling green investments, the government said on Monday.},
	
	urldate = {2022-06-12},
	journal = {Reuters},
	author = {Abnett, Kate},
	month = may,
	year = {2022},
	file = {Snapshot:/Users/hegele/Zotero/storage/UWC42M2J/germany-reject-eu-green-investment-label-nuclear-power-2022-05-16.html:text/html},
}

@misc{iis,
	title = {Gasleitungen: {Schnellstraßen} für {Wasserstoff}?},
	url = {https://www.iis.fraunhofer.de/de/magazin/serie-wasserstoff/wasserstoff-gasleitungen.html},
	
	urldate = {2022-06-12},
	journal = {Fraunhofer-Institut für Integrierte Schaltungen IIS},
	author = {Hüwener, Thomas and Martin, Alexander},
	file = {Snapshot:/Users/hegele/Zotero/storage/NULJ8XUN/wasserstoff-gasleitungen.html:text/html},
}

@article{smil,
  title={Nitrogen cycle and world food production},
  author={Smil, Vaclav},
  journal={World Agriculture},
  volume={2},
  number={1},
  pages={9--13},
  year={2011}
}

@misc{ei1,
  author        = {Hagenmeyer, Veit},
  title         = {Vorlesung Energieinformatik 1},
  month         = {10},
  year          = {2020},
  publisher={Institut für Angewandte Informatik, KIT}
}

@misc{uba-co2,
	title = {Gesellschaftliche Kosten von Umweltbelastungen},
        author = {Umweltbundesamt},
	url = {https://www.umweltbundesamt.de/daten/umwelt-wirtschaft/gesellschaftliche-kosten-von-umweltbelastungen#gesamtwirtschaftliche-bedeutung-der-umweltkosten},
	urldate = {2022-06-13},
}

@misc{uba-co2e,
	title = {Die Treibhausgase},
	author = {Umweltbundesamt},
	url = {https://www.umweltbundesamt.de/themen/klima-energie/klimaschutz-energiepolitik-in-deutschland/treibhausgas-emissionen/die-treibhausgase},
	urldate = {2022-06-13},
}

@misc{steinkohle-import,
	title = {Einfuhr von Steinkohle für die Jahre 2017 bis 2021},
	author = {Statistisches Bundesamt},
	url = {https://www.destatis.de/DE/Themen/Branchen-Unternehmen/Energie/Verwendung/Tabellen/einfuhr-steinkohle-zeitreihe.html},
	urldate = {2022-06-13},
}

@misc{kernkraftwerke-rest,
	title = {Bekanntmachung der gemäß § 7 Absatz 1c AtG erzeugten bertragenen und verbleibenden Elektrizitätsmengen (netto) der deutschen Kernkraftwerke},
	author = {Bundesamt für die Sicherheit der nuklearen Entsorgung},
	url = {https://www.base.bund.de/SharedDocs/Downloads/BASE/DE/berichte/kt/elektrizitaetsmenge-2021-12.pdf?__blob=publicationFile&v=63},
	urldate = {2022-07-02},
}

@article{agora,
  title={Flexibility in thermal power plants -- With a focus on existing coal-fired power plants},
  author={Energiewende, Agora},
  journal={Agora Energiewende: Berlin, Germany},
  year={2017}
}

@article{agora-wasserstoff,
  title={12 Thesen zu Wasserstoff},
  author={Energiewende, Agora},
  journal={Agora Industrie},
  year={2022}
}

@article{agora-mieterschutz-klimaschutz,
  title={Wie passen Mieterschutz und Klimaschutz unter einen Hut?},
  author={Agora Energiewende und Universität Kassel},
  year={2022}
}


@misc{statista-erdgasreserven,
	title = {Länder mit den größten konventionellen Erdgasreserven 2020},
        author = {Statista},
	url = {https://de.statista.com/statistik/daten/studie/37381/umfrage/laender-nach-konventionellen-erdgasreserven/},
	urldate = {2022-06-13},
}

@misc{statista-schiefergasproduktion,
	title = {Wichtigste Länder weltweit nach Schiefergasproduktion in den Jahren 2012 bis 2014},
	author = {Statista},
	url = {https://de.statista.com/statistik/daten/studie/602737/umfrage/wichtigste-laender-weltweit-nach-schiefergasproduktion/},
	urldate = {2022-07-01},
}

@misc{statista-nicht-konventionelle-gase,
	title = {Wichtigste Länder weltweit nach Produktion nicht-konventioneller Gase in den Jahren 2013 bis 2014},
	author = {Statista},
	url = {https://de.statista.com/statistik/daten/studie/602801/umfrage/wichtigste-laender-weltweit-nach-produktion-nicht-konventioneller-gase/},
	urldate = {2022-07-01},
}

@misc{statista-neubau-heizung,
	title = {Beheizungsstruktur im Wohnungsneubau in Deutschland in den Jahren 2000 bis 2021},
	author = {Statista},
	url = {https://de.statista.com/statistik/daten/studie/37957/umfrage/beheizungssysteme-in-neubauten-im-jahr-2008/},
	urldate = {2022-07-01},
}

@misc{statista-bestand-heizung,
	title = {Beheizungsstruktur des Wohnungsbestandes in Deutschland in den Jahren 1995 bis 2021},
	author = {Statista},
	url = {https://de.statista.com/statistik/daten/studie/162218/umfrage/beheizungsstruktur-des-wohnbestandes-in-deutschland-seit-1975/},
	urldate = {2022-07-01},
}

@misc{gasheizung-foerderung,
	title = {F\"{o}rderung Heizung 2022: So erhalten Sie 50\% vom Staat},
	author = {thermondo},
	url = {https://www.thermondo.de/info/finanzen/foerderung/foerderung-heizung/},
	urldate = {2022-07-01},
}

@misc{uba-fracking,
	title = {Fracking},
	author = {Umweltbundesamt},
	url = {https://www.umweltbundesamt.de/themen/wasser/gewaesser/grundwasser/nutzung-belastungen/fracking},
	urldate = {2022-07-01},
}

@misc{gaspipelines,
	title = {Vorhandene und geplante Gas-Pipelines zwischen Russland und Deutschland},
	author = {Onno},
	url = {https://de.wikipedia.org/wiki/Datei:GaspipelinesNachDeutschland.png},
	urldate = {2022-06-13},
}

@article{lng-gesetz,
  title={LNG-Gesetz im Bundestag: Habeck, die Schweinswale und ein Dilemma},
  author={Polansky, Martin},
  journal={tagesschau},
  date={2022-05-19},
  url={https://www.tagesschau.de/inland/innenpolitik/habeck-lng-gesetz-101.html},
}

@article{lng-faq,
  title={Im Eiltempo zu den LNG-Terminals},
  journal={tagesschau},
  date={2022-05-05},
  url={https://www.tagesschau.de/wirtschaft/lng-fluessiggas-lng-terminal-erdgas-gasembargo-101.html},
}

@article{gazprom-gasverknappung,
  title={Russland verknappt Gas weiter},
  journal={tagesschau},
  date={2022-06-15},
  url={https://www.tagesschau.de/wirtschaft/konjunktur/erdgas-preis-gazprom-lng-lieferkuerzungen-101.html},
}

@article{tagesschau-gasverbrauch,
  title={Gasverbrauch sinkt deutlich},
  journal={tagesschau},
  date={2022-06-30},
  url={https://www.tagesschau.de/wirtschaft/verbraucher/gasverbrauch-101.html},
}

@misc{vci2022,
  title={Energiestatistik},
  author={Verband der Chemischen Industrie e.V.},
  date={2022-05-25},
  url={https://www.vci.de/ergaenzende-downloads/energiestatistik-2022.pdf},
}

@misc{kwk,
	title = {Kraft-{Wärme}-{Kopplung}},
	url = {https://www.bkwk.de/kraft-waerme-kopplung/},
	journal = {Bundesverband Kraft-Wärme-Kopplung e.V.},
}

@article{gutzwiller-dsm,
  title={Lokales Lastmanagement: Stromverbrauch sinnvoll mit der Erzeugung koordinieren},
  author={Gutzwiller, Rolf and Koch, Stephan and Meier, Dominik and Wiederkehr, Martin},
  journal={bulletin. ch},
  volume={99},
  number={22/23},
  pages={9--13},
  year={2008},
  publisher={Electrosuisse}
}


@article{spiegel-taxonomie,
	chapter = {Wissenschaft},
	title = {Taxonomie: {EU}-{Vorschlag} fällt überraschend durch - {Mehrheit} gegen {Klimalabel} für {Atomkraft} und {Gas}},
	shorttitle = {Taxonomie},
	url = {https://www.spiegel.de/wissenschaft/abstimmung-im-eu-parlament-vorschlag-zur-taxonomie-faellt-ueberraschend-durch-a-681ff121-6322-43eb-9379-34461966ffe2},
	abstract = {Parlamentarier in Brüssel stimmen in einer Ausschusssitzung dagegen, dass Erdgas und Atomkraft als klimafreundlich gelten darf. Schon Anfang Juli könnte von der Leyens Vorschlag endgültig kippen.},
	language = {de},
	urldate = {2022-06-14},
	journal = {Der Spiegel},
	month = jun,
	year = {2022},
	keywords = {Atomkraft, Erneuerbare Energien, Gas Pipelines, Natural Gas, Nord Stream, Wissenschaft},
	file = {Snapshot:/Users/hegele/Zotero/storage/KVHHA5TB/abstimmung-im-eu-parlament-vorschlag-zur-taxonomie-faellt-ueberraschend-durch-a-681ff121-6322-4.html:text/html},
}

@article{spiegel-uran,
	chapter = {Wirtschaft},
	title = {EU ist auch von russichem Uran abhängig},
	shorttitle = {Signifikant verletzbar},
	url = {https://www.spiegel.de/wirtschaft/soziales/ukraine-krieg-eu-ist-auch-von-russischem-uran-abhaengig-a-d9575895-93da-4274-a5e5-167f4d9d2f0f},
	language = {de},
	urldate = {2022-07-02},
	journal = {Der Spiegel},
	month = mar,
	year = {2022},
}


@article{taz-taxonomie,
	title = {Atomkraft und {Klimawandel}: {EU} hält {AKW} für klimafreundlich},
	shorttitle = {Atomkraft und {Klimawandel}},
	url = {https://taz.de/!5825470/},
	journal = {Die Tageszeitung: taz},
	month = jan,
	year = {2022},
}

@misc{helmeth,
	title = {KIT Press Release 009/2018: Power-to-Gas with High Efficiency},
	author = {Schinarakis, Kosta},
	url = {https://www.kit.edu/kit/english/pi_2018_009_power-to-gas-with-high-efficiency.php},
}


@Article{multimodal-grids,
AUTHOR = {Sterner, Michael and Specht, Michael},
TITLE = {Power-to-Gas and Power-to-X—The History and Results of Developing a New Storage Concept},
JOURNAL = {Energies},
VOLUME = {14},
YEAR = {2021},
NUMBER = {20},
ARTICLE-NUMBER = {6594},
URL = {https://www.mdpi.com/1996-1073/14/20/6594},
ISSN = {1996-1073},
ABSTRACT = {Germany’s energy transition, known as ‘Energiewende’, was always very progressive. However, it came technically to a halt at the question of large-scale, seasonal energy storage for wind and solar, which was not available. At the end of the 2000s, we combined our knowledge of both electrical and process engineering, imitated nature by copying photosynthesis and developed Power-to-Gas by combining water electrolysis with CO2-methanation to convert water and CO2 together with wind and solar power to synthetic natural gas. Storing green energy by coupling the electricity with the gas sector using its vast TWh-scale storage facility was the solution for the biggest energy problem of our time. This was the first concept that created the term ‘sector coupling’ or ‘sectoral integration’. We first implemented demo sites, presented our work in research, industry and ministries, and applied it in many macroeconomic studies. It was an initial idea that inspired others to rethink electricity as well as eFuels as an energy source and energy carrier. We developed the concept further to include Power-to-Liquid, Power-to-Chemicals and other ways to ‘convert’ electricity into molecules and climate-neutral feedstocks, and named it ‘Power-to-X’at the beginning of the 2010s.},
DOI = {10.3390/en14206594}
}